% Encoding: UTF-8

@Article{DBLP:journals/corr/abs-1802-07569,
  author    = {German Ignacio Parisi and Ronald Kemker and Jose L. Part and Christopher Kanan and Stefan Wermter},
  journal   = {CoRR},
  title     = {Continual Lifelong Learning with Neural Networks: {A} Review},
  year      = {2018},
  volume    = {abs/1802.07569},
  bibsource = {dblp computer science bibliography, https://dblp.org},
  biburl    = {https://dblp.org/rec/journals/corr/abs-1802-07569.bib},
  timestamp = {Mon, 13 Aug 2018 16:46:54 +0200},
  url       = {http://arxiv.org/abs/1802.07569},
}
@Inbook{Calinon2018,
author="Calinon, Sylvain",
editor="Ang, Marcelo H
and Khatib, Oussama
and Siciliano, Bruno",
title="Learning from Demonstration (Programming by Demonstration)",
bookTitle="Encyclopedia of Robotics",
year="2018",
publisher="Springer Berlin Heidelberg",
address="Berlin, Heidelberg",
pages="1--8",
isbn="978-3-642-41610-1",
doi="10.1007/978-3-642-41610-1_27-1",
url="https://doi.org/10.1007/978-3-642-41610-1_27-1"
}

@Article{DBLP:journals/corr/abs-2009-11997,
  author    = {Yizhou Huang and Kevin Xie and Homanga Bharadhwaj and Florian Shkurti},
  journal   = {CoRR},
  title     = {Continual Model-Based Reinforcement Learning with Hypernetworks},
  year      = {2020},
  volume    = {abs/2009.11997},
  bibsource = {dblp computer science bibliography, https://dblp.org},
  biburl    = {https://dblp.org/rec/journals/corr/abs-2009-11997.bib},
  timestamp = {Wed, 30 Sep 2020 16:16:22 +0200},
  url       = {https://arxiv.org/abs/2009.11997},
}

@Article{DBLP:journals/corr/abs-1904-07734,
  author    = {Gido M. van de Ven and Andreas S. Tolias},
  journal   = {CoRR},
  title     = {Three scenarios for continual learning},
  year      = {2019},
  volume    = {abs/1904.07734},
  bibsource = {dblp computer science bibliography, https://dblp.org},
  biburl    = {https://dblp.org/rec/journals/corr/abs-1904-07734.bib},
  timestamp = {Fri, 26 Apr 2019 13:18:53 +0200},
  url       = {http://arxiv.org/abs/1904.07734},
}

@Article{DBLP:journals/corr/KirkpatrickPRVD16,
  author     = {James Kirkpatrick and Razvan Pascanu and Neil C. Rabinowitz and Joel Veness and Guillaume Desjardins and Andrei A. Rusu and Kieran Milan and John Quan and Tiago Ramalho and Agnieszka Grabska{-}Barwinska and Demis Hassabis and Claudia Clopath and Dharshan Kumaran and Raia Hadsell},
  journal    = {CoRR},
  title      = {Overcoming catastrophic forgetting in neural networks},
  year       = {2016},
  volume     = {abs/1612.00796},
  bibsource  = {dblp computer science bibliography, https://dblp.org},
  biburl     = {https://dblp.org/rec/journals/corr/KirkpatrickPRVD16.bib},
  eprint     = {1612.00796},
  eprinttype = {arXiv},
  timestamp  = {Mon, 13 Aug 2018 16:46:13 +0200},
  url        = {http://arxiv.org/abs/1612.00796},
}

@Article{DBLP:journals/corr/abs-1711-09601,
  author     = {Rahaf Aljundi and Francesca Babiloni and Mohamed Elhoseiny and Marcus Rohrbach and Tinne Tuytelaars},
  journal    = {CoRR},
  title      = {Memory Aware Synapses: Learning what (not) to forget},
  year       = {2017},
  volume     = {abs/1711.09601},
  bibsource  = {dblp computer science bibliography, https://dblp.org},
  biburl     = {https://dblp.org/rec/journals/corr/abs-1711-09601.bib},
  eprint     = {1711.09601},
  eprinttype = {arXiv},
  timestamp  = {Mon, 13 Aug 2018 16:47:14 +0200},
  url        = {http://arxiv.org/abs/1711.09601},
}

@Article{DBLP:journals/corr/ZenkePG17,
  author     = {Friedemann Zenke and Ben Poole and Surya Ganguli},
  journal    = {CoRR},
  title      = {Improved multitask learning through synaptic intelligence},
  year       = {2017},
  volume     = {abs/1703.04200},
  bibsource  = {dblp computer science bibliography, https://dblp.org},
  biburl     = {https://dblp.org/rec/journals/corr/ZenkePG17.bib},
  eprint     = {1703.04200},
  eprinttype = {arXiv},
  timestamp  = {Mon, 13 Aug 2018 16:46:42 +0200},
  url        = {http://arxiv.org/abs/1703.04200},
}

@Article{DBLP:journals/corr/abs-1909-08383,
  author     = {Matthias De Lange and Rahaf Aljundi and Marc Masana and Sarah Parisot and Xu Jia and Ales Leonardis and Gregory G. Slabaugh and Tinne Tuytelaars},
  journal    = {CoRR},
  title      = {Continual learning: {A} comparative study on how to defy forgetting in classification tasks},
  year       = {2019},
  volume     = {abs/1909.08383},
  bibsource  = {dblp computer science bibliography, https://dblp.org},
  biburl     = {https://dblp.org/rec/journals/corr/abs-1909-08383.bib},
  eprint     = {1909.08383},
  eprinttype = {arXiv},
  timestamp  = {Tue, 24 Sep 2019 11:33:51 +0200},
  url        = {http://arxiv.org/abs/1909.08383},
}

@Book{SuttonRL,
  author    = {Sutton, Richard S. and Barto, Andrew G.},
  publisher = {The MIT Press},
  title     = {Reinforcement Learning: An Introduction},
  year      = {2018},
  edition   = {2},
  added-at  = {2019-07-13T10:11:53.000+0200},
  biburl    = {https://www.bibsonomy.org/bibtex/2f46601cf8b13d39d1378af0d79438b12/lanteunis},
  interhash = {ac6b144aaec1819919a2fba9f705c852},
  intrahash = {f46601cf8b13d39d1378af0d79438b12},
  timestamp = {2019-07-13T10:11:53.000+0200},
  url       = {http://incompleteideas.net/book/the-book-2nd.html},
}

@Article{DBLP:journals/corr/abs-1908-01887,
  author    = {Yusuke Urakami and Alec Hodgkinson and Casey Carlin and Randall Leu and Luca Rigazio and Pieter Abbeel},
  journal   = {CoRR},
  title     = {DoorGym: {A} Scalable Door Opening Environment And Baseline Agent},
  year      = {2019},
  volume    = {abs/1908.01887},
  bibsource = {dblp computer science bibliography, https://dblp.org},
  biburl    = {https://dblp.org/rec/journals/corr/abs-1908-01887.bib},
  timestamp = {Fri, 09 Aug 2019 12:15:56 +0200},
  url       = {http://arxiv.org/abs/1908.01887},
}

@Article{DBLP:journals/corr/abs-1907-00182,
  author    = {Timoth{\'{e}}e Lesort and Vincenzo Lomonaco and Andrei Stoian and Davide Maltoni and David Filliat and Natalia D{\'{\i}}az Rodr{\'{\i}}guez},
  journal   = {CoRR},
  title     = {Continual Learning for Robotics},
  year      = {2019},
  volume    = {abs/1907.00182},
  bibsource = {dblp computer science bibliography, https://dblp.org},
  biburl    = {https://dblp.org/rec/journals/corr/abs-1907-00182.bib},
  timestamp = {Tue, 31 Aug 2021 13:57:12 +0200},
  url       = {http://arxiv.org/abs/1907.00182},
}

@Article{DBLP:journals/corr/abs-1906-00695,
  author    = {Johannes von Oswald and Christian Henning and Jo{\~{a}}o Sacramento and Benjamin F. Grewe},
  journal   = {CoRR},
  title     = {Continual learning with hypernetworks},
  year      = {2019},
  volume    = {abs/1906.00695},
  bibsource = {dblp computer science bibliography, https://dblp.org},
  biburl    = {https://dblp.org/rec/journals/corr/abs-1906-00695.bib},
  timestamp = {Thu, 13 Jun 2019 13:36:00 +0200},
  url       = {http://arxiv.org/abs/1906.00695},
}

@Comment{jabref-meta: databaseType:bibtex;}
